@book {machinerys,
    author      = "Erik Oberg and Franklin D. Jones and Holbrook L. Horton and Henry H. Ryffel",
    title       = "Machinery's Handbook",
    publisher   = "Industrial Press",
    year        = "2008"

}